@Comment А вот так оформляется библиография при помощи BibTeX.

@ARTICLE{1164317,
  author={Griffin, D. and Jae Lim},
  journal={IEEE Transactions on Acoustics, Speech, and Signal Processing}, 
  title={Signal estimation from modified short-time Fourier transform}, 
  year={1984},
  volume={32},
  number={2},
  pages={236-243},
  keywords={Fourier transforms;Iterative algorithms;Discrete Fourier transforms;Speech enhancement;Hardware;Signal processing;Degradation;Estimation theory;Monitoring;Sampling methods},
  doi={10.1109/TASSP.1984.1164317}}

@ARTICLE{1164317,
  author={Griffin, D. and Jae Lim},
  journal={IEEE Transactions on Acoustics, Speech, and Signal Processing}, 
  title={Signal estimation from modified short-time Fourier transform}, 
  year={1984},
  volume={32},
  number={2},
  pages={236-243},
  keywords={Fourier transforms;Iterative algorithms;Discrete Fourier transforms;Speech enhancement;Hardware;Signal processing;Degradation;Estimation theory;Monitoring;Sampling methods},
  doi={10.1109/TASSP.1984.1164317}}
